@article{survprob,
  author    = {Alfredo Braunstein and
               Marc M{\'{e}}zard and
               Riccardo Zecchina},
  title     = {Survey propagation: an algorithm for satisfiability},
  journal   = {CoRR},
  volume    = {cs.CC/0212002},
  year      = {2002},
  url       = {http://arxiv.org/abs/cs.CC/0212002},
  timestamp = {Wed, 07 Jun 2017 14:42:50 +0200},
  biburl    = {https://dblp.org/rec/bib/journals/corr/cs-CC-0212002},
  bibsource = {dblp computer science bibliography, https://dblp.org}
}

@article{synchro,
  author    = {Gal Elidan and
               Ian McGraw and
               Daphne Koller},
  title     = {Residual Belief Propagation: Informed Scheduling for Asynchronous
               Message Passing},
  journal   = {CoRR},
  volume    = {abs/1206.6837},
  year      = {2012},
  url       = {http://arxiv.org/abs/1206.6837},
  archivePrefix = {arXiv},
  eprint    = {1206.6837},
  timestamp = {Wed, 07 Jun 2017 14:41:35 +0200},
  biburl    = {https://dblp.org/rec/bib/journals/corr/ElidanMK12},
  bibsource = {dblp computer science bibliography, https://dblp.org}
}